@book{milne1968theoretical,
  title = {Theoretical Hydrodynamics},
  author = {Milne--Thomson, Louis Melville},
  year = {1968},
  publisher = {Macmillan \& co. ltd.}
}

@book{newman2018marine,
  title = {Marine Hydrodynamics},
  author = {Newman, John Nicholas},
  year = {2018},
  publisher = {The MIT press}
}

@book{faltinsen1990sea,
  title = {Sea Loads on Ships and Offshore Structures},
  author = {Faltinsen, Odd M.},
  year = {1990},
  publisher = {Cambridge University Press}
}

@book{sokolnikoff1956mathematical,
  title = {Mathematical THeory of Elasticity},
  author = {Sokolnikoff, Ivan Stephan},
  year = {1956},
  publisher = {McGraw--Hill Book Company, Inc.},
  edition = {2\textsuperscript{nd}}
}

@incollection{wehausen1960surface,
  booktitle = {Encyclopedia of Physics},
  title = {Surface Waves},
  author = {Wehausen, John V. AND Laitone, Edmund V.},
  editor = {Fl\"{u}gge, Siegfried},
  volume = {IX},
  publisher = {Springer-Verlag},
  year = {1960}
}

@book{kennard1967irrotational,
	title = {Irrotational Flow of Frictionless Fluids, Mostly of Invariable Density},
	author = {Kennard, Earle H.},
	year = {1967},
	publisher = {U.S. Government Printing Office}
}

@book{theory1965markusevicII,
	title = {Theory of Functions of a Complex Variable, Volume II},
	author = {Marku\v{s}evi\v{c}, Aleksey Ivanovi\v{c} (\foreignlanguage{russian}{\textsc{Маркушевич}})},
	editor = {Silverman, Richard A.},
	year = {1965},
	publisher = {Prentice-Hall, inc.}
}

@book{abramowitz1965handbook,
  title = {Handbook of Mathematical Functions},
  author = {Abramowitz, Milton AND Stegun, Irene A.},
  year = {1965},
  publisher = {National Bureau of Standards},
  edition = {3\textsuperscript{rd} ed.}
}
@book{korn1961mathematical,
  author = {\textsc{Korn, Granino A.} AND \textsc{Korn, Theresa M.}},
  publisher = {\textsc{McGraw}--\textsc{Hill} Book Company},
  title = {Mathematical Handbook for Scientists and Engineers},
  year = {1961},
  edition = {2\textsuperscript{nd} ed.}
}
@article{lee2024design,
  title = {Design and Analysis of Taut Mooring Systems for a Combined Floating Offshore Wind and Wave Energy System at Intermediate Water Depth},
  author = {Lee, Chen Fong AND Fjermedal, Sindre AND Ong, Muk Chen},
  journal = {Ocean Engineering},
  volume = {312},
  year = {2024},
  publisher = {Elsevier}
}
@incollection{wendland1983boundary,
  booktitle = {Theoretical Acoustics and Numerical Techniques},
  title = {Boundary Element Methods and their Asymptotic Convergence},
  author = {Wendland, W. L.},
  editor = {Filippi, P.},
  publisher = {Springer-Verlag},
  year = {1983}
}
@article{taylor1930some,
  title = {Some Hydrodynamical Inertia Coefficients},
  author = {Taylor, J. Lockwood},
  journal = {The London, Edinburgh, and Dublin Philosophical Magazine and Journal of Science},
  number = {9:55},
  pages = {161--183},
  year = {1930}
}
@incollection{ryabusinskij1920sur,
  booktitle = {Comptes Rendus du Congrès International des Mathématiciens, Strasbourg 1920},
  title = {Sur la résistance des fluides},
  author = {Ryabu\v{s}insky, Dmitry Pavlovi\v{c} (\foreignlanguage{russian}{\textsc{Рябушинский}})},
  editor = {Villat, Henri},
  publisher = {Imprimerie et Librairie Édouard Privat},
  pages = {568--585},
  year = {1921}
}
@article{newman1979added,
  title = {Added Moment of Inertia of Two-dimensional Cylinders},
  author = {Newman, John Nicholas},
  journal = {Journal of Ship Research},
  volume = {23},
  number = {1},
  year = {1979}
}
@article{lee1996extended,
  title = {An Extended Boundary Integral Equation Method for the Removal of Irregular Frequency Effects},
  author = {Lee, Chang Ho AND Newman, John Nicholas AND Zhu, X.},
  journal = {International journal for numerical methods in fluids},
  volume = 23,
  pages = {637--660},
  year = {1996}
}

@article{darwin1953note,
  title = {Note on Hydrodynamics},
  author = {Darwin, Charles Galton},
  journal = {Proceedings of the Cambridge Philosophical Society},
  number = {49},
  pages = {342--354},
  year = {1953}
}

@article{trulsen2023stochastic,
  title = {Stochastic Theory},
  author = {Trulsen, Karsten},
  journal = {Lecture Notes for MEK4350},
  year = {2023}
}
