@book{newman2018marine,
  title = {Marine Hydrodynamics},
  author = {\textsc{Newman, John Nicholas}},
  year = {2018},
  publisher = {The MIT press}
}