@book{newman2018marine,
  title = {Marine Hydrodynamics},
  author = {Newman, John Nicholas},
  year = {2018},
  publisher = {The MIT press}
}
@incollection{wehausen1960surface,
  booktitle = {Encyclopedia of Physics},
  title = {Surface Waves},
  author = {Wehausen, John V. AND Laitone, Edmund V.},
  editor = {Fl\"{u}gge, Siegfried},
  volume = {IX},
  publisher = {Springer-Verlag},
  year = {1960}
}
@book{irrotational1967kennard,
	title = {Irrotational Flow of Frictionless Fluids, Mostly of Invariable Density},
	author = {Kennard, Earle H.},
	year = {1967},
	publisher = {U.S. Government Printing Office}
}
@book{abramowitz1965handbook,
  title = {Handbook of Mathematical Functions},
  author = {Abramowitz, Milton AND Stegun, Irene A.},
  year = {1965},
  publisher = {National Bureau of Standards},
  edition = {3\textsuperscript{rd} ed.}
}
@book{korn1961mathematical,
  author = {\textsc{Korn, Granino A.} AND \textsc{Korn, Theresa M.}},
  publisher = {\textsc{McGraw}--\textsc{Hill} Book Company},
  title = {Mathematical Handbook for Scientists and Engineers},
  year = {1961},
  edition = {2\textsuperscript{nd} ed.}
}
@article{lee2024design,
  title = {Design and Analysis of Taut Mooring Systems for a Combined Floating Offshore Wind and Wave Energy System at Intermediate Water Depth},
  author = {Lee, Chern Fong AND Fjermedal, Sindre AND Ong, Muk Chen},
  journal = {Ocean Engineering},
  volume = {312},
  year = {2024},
  publisher = {Elsevier}
}