@book{newman2018marine,
  title = {Marine Hydrodynamics},
  author = {\textsc{Newman, John Nicholas}},
  year = {2018},
  publisher = {The MIT press}
}
@book{abramowitz1965handbook,
  title = {Handbook of Mathematical Functions},
  author = {\textsc{Abramowitz, Milton} AND \textsc{Stegun, Irene A.}},
  year = {1965},
  publisher = {National Bureau of Standards},
  edition = {3\textsuperscript{rd} ed.}
}
@book{korn1961mathematical,
  author = {\textsc{Korn, Granino A.} AND \textsc{Korn, Theresa M.}},
  publisher = {\textsc{McGraw}--\textsc{Hill} Book Company},
  title = {Mathematical Handbook for Scientists and Engineers},
  year = {1961},
  edition = {2\textsuperscript{nd} ed.}
}