@book{newman2018marine,
  title = {Marine Hydrodynamics},
  author = {Newman, John Nicholas},
  year = {2018},
  publisher = {The MIT press}
}
@incollection{wehausen1960surface,
  booktitle = {Encyclopedia of Physics},
  title = {Surface Waves},
  author = {Wehausen, John V. AND Laitone, Edmund V.},
  editor = {Fl\"{u}gge, Siegfried},
  volume = {IX},
  publisher = {Springer-Verlag},
  year = {1960}
}
@book{abramowitz1965handbook,
  title = {Handbook of Mathematical Functions},
  author = {Abramowitz, Milton AND Stegun, Irene A.},
  year = {1965},
  publisher = {National Bureau of Standards},
  edition = {3\textsuperscript{rd} ed.}
}